@article{complealg,
  author    = {José Guillermo},
  title     = {¿Qué es la complejidad algorítmica y con qué se come?},
  year      = {2018},
}
https://medium.com/@joseguillermo_/qué-es-la-complejidad-algorítmica-y-con-qué-se-come-2638e7fd9e8c

@book{McConnell2008,
  title={Analysis of {Algorithms}},
  author={McConnell, JJ},
  isbn={9780763707828},
  series={Reference, Information and Interdisciplinary Subjects Series},
  year={2008},
  publisher={Jones \& Bartlett Learning}
}